@misc{latexKitap,
  title        = {İnce Bir LaTeX El Kitabı},
  howpublished = {\url{http://ftp.jaist.ac.jp/pub/CTAN/info/lshort/turkish/}},
  note         = {Erişim Tarihi: 2018-02-09}
}
@misc{bibtexWebReferans,
  title        = {Bibtex ile web referansları ekleme},
  howpublished = {\url{https://tex.stackexchange.com/questions/3587/how-can-i-use-bibtex-to-cite-a-web-page}},
  note         = {Erişim Tarihi: 2018-02-09}
}

@book{nabiyev2010yapay,
  title     = {Yapay zeka: insan-bilgisayar etkileşimi},
  author    = {Nabiyev, V.V.},
  isbn      = {9789750211560},
  series    = {Bilgisayar kitapları dizisi},
  url       = {https://books.google.com.tr/books?id=3ZItAwEACAAJ},
  year      = {2010},
  publisher = {Seçkin Yayıncılık}
}

@book{Oetiker2007,
  added-at  = {2007-11-02T09:28:42.000+0100},
  author    = {Oetiker, Tobias and Partl, Hubert and Hyna, Irene and Schlegl, Elisabeth},
  biburl    = {https://www.bibsonomy.org/bibtex/299c200e4188e136f53def448d7d38655/tmalsburg},
  interhash = {023f3c355ab5b15066b1ea4fa60c61c8},
  intrahash = {99c200e4188e136f53def448d7d38655},
  keywords  = {documentation latex reference typesetting},
  month     = {June},
  note      = {Version 4.22},
  timestamp = {2007-11-02T09:28:42.000+0100},
  title     = {The Not So Short Introduction to LaTeX},
  url       = {http://tobi.oetiker.ch/lshort/lshort.pdf},
  year      = 2007
}

@book{Oetiker:2015:LMS:2876207,
  author    = {Oetiker, Tobias},
  title     = {Latex in 157 Minutes: The (Not So) Short Introduction to Latex},
  year      = {2015},
  isbn      = {9789881443625, 9881443628},
  publisher = {Samurai Media Limited},
  address   = {United Kingdom}
} 
@inproceedings{Cakr2017a,
  address         = {Armavir},
  author          = {Cakir, Sevket Umut and Nabiyev, Vasif},
  booktitle       = {I International Scientific Practical Conference of graduate and postgraduate students, lecturers «APPLIED ISSUES OF EXACT SCIENCES»},
  mendeley-groups = {Tik/2017 Aralık},
  pages           = {198},
  title           = {{CREATING AN ARTIFICIAL FLAPPY BIRD GAME PLAYER USING NEURO EVOLUTION OF AUGMENTING TOPOLOGIES (NEAT)}},
  year            = {2017}
}

@article{saras2018,
  author   = {Selim Aras, Mehmet Öztürk, Ali Gangal},
  title    = {Automatic detection of the respiratory cycle from recorded, single-channel sounds from lungs},
  journal  = {TURKISH JOURNAL OF ELECTRICAL ENGINEERING \& COMPUTER SCIENCES},
  year     = {2018},
  volume   = {26},
  number   = {1},
  pages    = {11-22},
  crossref = {doi:10.3906/elk-1705-16}
}

@book{Russell:2009:AIM:1671238,
  author    = {Russell, Stuart and Norvig, Peter},
  title     = {Artificial Intelligence: A Modern Approach},
  year      = {2009},
  isbn      = {0136042597, 9780136042594},
  edition   = {3rd},
  publisher = {Prentice Hall Press},
  address   = {Upper Saddle River, NJ, USA}
} 

@article{ccetin2020model,
  title     = {Model-based robust suppression of epileptic seizures without sensory measurements},
  author    = {{\c{C}}etin, Meri{\c{c}}},
  journal   = {Cognitive Neurodynamics},
  volume    = {14},
  number    = {1},
  pages     = {51--67},
  year      = {2020},
  publisher = {Springer}
}